<?xml version="1.0" encoding="UTF-8"?>
<record xmlns="http://www.loc.gov/MARC21/slim" xmlns:xsi="http://www.w3.org/2001/XMLSchema-instance" xsi:schemaLocation="http://www.loc.gov/MARC21/slim http://www.loc.gov/standards/marcxml/schema/MARC21slim.xsd">
<leader>00000cam a22      i 4500</leader>
<controlfield tag="001">001678628</controlfield>
<controlfield tag="003">NNU</controlfield>
<controlfield tag="005">20160114162606.0</controlfield>
<controlfield tag="008">870304s1967    iq abj   b    000 0 arard</controlfield>
<datafield tag="010" ind1=" " ind2=" ">
<subfield code="a">ne 67001996</subfield>
</datafield>
<datafield tag="035" ind1=" " ind2=" ">
<subfield code="a">(OCoLC)15266029</subfield>
</datafield>
<datafield tag="040" ind1=" " ind2=" ">
<subfield code="a">WAU</subfield>
<subfield code="b">eng</subfield>
<subfield code="c">WAU</subfield>
<subfield code="d">CUY</subfield>
<subfield code="d">OCLCQ</subfield>
<subfield code="d">NNU</subfield>
</datafield>
<datafield tag="043" ind1=" " ind2=" ">
<subfield code="a">a-ts---</subfield>
</datafield>
<datafield tag="050" ind1=" " ind2="4">
<subfield code="a">DS247.S5</subfield>
<subfield code="b">S5 1967</subfield>
</datafield>
<datafield tag="100" ind1="1" ind2=" ">
<subfield code="6">880-01</subfield>
<subfield code="a">Sinān, Maḥmūd Bahjat.</subfield>
</datafield>
<datafield tag="245" ind1="1" ind2="0">
<subfield code="6">880-02</subfield>
<subfield code="a">Imārat al-Shāriqah /</subfield>
<subfield code="c">taʼlif Maḥmūd Bahjat Sinān.</subfield>
</datafield>
<datafield tag="260" ind1=" " ind2=" ">
<subfield code="6">880-03</subfield>
<subfield code="a">Baghdād :</subfield>
<subfield code="b">Wizārat al-Thaqāfah wa-al-Irshād,</subfield>
<subfield code="c">1967.</subfield>
</datafield>
<datafield tag="300" ind1=" " ind2=" ">
<subfield code="a">103, [6] pages :</subfield>
<subfield code="b">illustrations, genealogical table, maps ;</subfield>
<subfield code="c">24 cm</subfield>
</datafield>
<datafield tag="336" ind1=" " ind2=" ">
<subfield code="a">text</subfield>
<subfield code="b">txt</subfield>
<subfield code="2">rdacontent</subfield>
</datafield>
<datafield tag="337" ind1=" " ind2=" ">
<subfield code="a">unmediated</subfield>
<subfield code="b">n</subfield>
<subfield code="2">rdamedia</subfield>
</datafield>
<datafield tag="338" ind1=" " ind2=" ">
<subfield code="a">volume</subfield>
<subfield code="b">nc</subfield>
<subfield code="2">rdacarrier</subfield>
</datafield>
<datafield tag="490" ind1="0" ind2=" ">
<subfield code="6">880-04</subfield>
<subfield code="a">al-Silsilah al-siyāsīyah,</subfield>
<subfield code="v">15</subfield>
</datafield>
<datafield tag="504" ind1=" " ind2=" ">
<subfield code="a">Includes bibliographical references (page 107).</subfield>
</datafield>
<datafield tag="651" ind1=" " ind2="0">
<subfield code="a">Sharjah (State)</subfield>
</datafield>
<datafield tag="776" ind1="0" ind2="8">
<subfield code="i">Online version:</subfield>
<subfield code="a">Sinān, Maḥmūd Bahjat.</subfield>
<subfield code="t">Imārat al-Shāriqah.</subfield>
<subfield code="d">Baghdād, Wizārat al-Thaqāfah wa-al-Irshād, 1967</subfield>
<subfield code="w">(OCoLC)631230718</subfield>
</datafield>
<datafield tag="880" ind1="1" ind2=" ">
<subfield code="6">100-01/</subfield>
<subfield code="a">سنان، محمد بهجت.</subfield>
</datafield>
<datafield tag="880" ind1="1" ind2="0">
<subfield code="6">245-02/</subfield>
<subfield code="a">إمارة الشارقة /</subfield>
<subfield code="c">تأليف محمد بهجت سنان.</subfield>
</datafield>
<datafield tag="880" ind1=" " ind2=" ">
<subfield code="6">260-03/</subfield>
<subfield code="a">بغداد :</subfield>
<subfield code="b">وزارة الثقافة و الإرشاد،</subfield>
<subfield code="c">١٩٦٧.</subfield>
</datafield>
<datafield tag="880" ind1="0" ind2=" ">
<subfield code="6">490-04/</subfield>
<subfield code="a">السلسلة السياسية ؛</subfield>
<subfield code="v">١٥</subfield>
</datafield>
<datafield tag="810" ind1="1" ind2=" ">
<subfield code="6">880-05</subfield>
<subfield code="a">Iraq.</subfield>
<subfield code="b">Wizārat al-Thaqāfah wa-al-Irshād.</subfield>
<subfield code="t">Silsilah al-siyāsīyah ;</subfield>
<subfield code="v">15.</subfield>
</datafield>
<datafield tag="880" ind1="1" ind2=" ">
<subfield code="6">810-05/</subfield>
<subfield code="a">العراق.</subfield>
<subfield code="b">وزارة الثقافة والارشاد.</subfield>
<subfield code="t">سلسلة السياسية ؛</subfield>
<subfield code="v">15.</subfield>
</datafield>
<datafield tag="OWN" ind1=" " ind2=" ">
<subfield code="a">GENERAL</subfield>
</datafield>
<datafield tag="AVA" ind1=" " ind2=" ">
<subfield code="a">NYU50</subfield>
<subfield code="b">BOBST</subfield>
<subfield code="c">Main Collection</subfield>
<subfield code="d">DS247.S5 S5</subfield>
<subfield code="e">unavailable</subfield>
<subfield code="t">Unavailable</subfield>
<subfield code="f">1</subfield>
<subfield code="g">1</subfield>
<subfield code="h">N</subfield>
<subfield code="i">0</subfield>
<subfield code="j">MAIN</subfield>
<subfield code="k">0</subfield>
</datafield>
</record>
